<?xml version="1.0" encoding="UTF-8"?><collection xmlns="http://www.loc.gov/MARC21/slim"><record><leader>00414nam--2200145-i-4500</leader><controlfield tag="001">000020663</controlfield><controlfield tag="002">20161230</controlfield><controlfield tag="005">20170206154853</controlfield><controlfield tag="008">060222s1000------------r-----000-0-eng-d</controlfield><datafield ind1=" " ind2=" " tag="080"><subfield code="a">575(082.1)</subfield></datafield><datafield ind1=" " ind2=" " tag="245"><subfield code="a">Genetic engineering and biotechnology</subfield></datafield><datafield ind1=" " ind2=" " tag="260"><subfield code="a">United Nations Industrial Development Organization</subfield><subfield code="c">1996</subfield></datafield><datafield ind1=" " ind2=" " tag="490"><subfield code="a">Emerging Technology Series</subfield><subfield code="v">1/1996</subfield></datafield><datafield ind1=" " ind2=" " tag="852"><subfield code="a">80618</subfield></datafield><datafield ind1=" " ind2=" " tag="CAT"><subfield code="a">SYS</subfield><subfield code="c">20170206</subfield><subfield code="h">154853</subfield></datafield></record></collection>